<record><leader>00000cas a22000007a 4500</leader><controlfield tag="001">16520035</controlfield><controlfield tag="008">870821d198u1988couwr ne      0   a0eng d</controlfield><datafield ind1=" " ind2=" " tag="010"><subfield code="a">sn 87002269 </subfield></datafield><datafield ind1=" " ind2=" " tag="040"><subfield code="a">NSD</subfield><subfield code="b">eng</subfield><subfield code="c">NSD</subfield><subfield code="d">CNQ</subfield><subfield code="d">OCLCQ</subfield></datafield><datafield ind1=" " ind2=" " tag="012"><subfield code="j">0</subfield><subfield code="m">d</subfield></datafield><datafield ind1="1" ind2=" " tag="022"><subfield code="a">0895-2426</subfield><subfield code="l">0895-2426</subfield><subfield code="y">0889-4124</subfield><subfield code="2">1</subfield></datafield><datafield ind1=" " ind2=" " tag="037"><subfield code="b">The New Tribune, P.O. Box 611, Niwot, CO 80544</subfield></datafield><datafield ind1=" " ind2=" " tag="042"><subfield code="a">nsdp</subfield></datafield><datafield ind1=" " ind2="4" tag="222"><subfield code="a">The New tribune</subfield></datafield><datafield ind1="0" ind2="4" tag="245"><subfield code="a">The new tribune.</subfield></datafield><datafield ind1=" " ind2=" " tag="260"><subfield code="a">[Boulder, Colo. :</subfield><subfield code="b">Recorder Newspapers]</subfield></datafield><datafield ind1=" " ind2=" " tag="300"><subfield code="a">v.</subfield></datafield><datafield ind1=" " ind2=" " tag="310"><subfield code="a">Weekly</subfield></datafield><datafield ind1="0" ind2=" " tag="362"><subfield code="a">-v. 6, no. 19 (Sept. 22, 1988).</subfield></datafield><datafield ind1=" " ind2=" " tag="500"><subfield code="a">Imprint varies: Niwot, CO : New Tribune, Sept. 3, 1987-</subfield></datafield><datafield ind1=" " ind2=" " tag="530"><subfield code="a">Available on microfilm from the Colorado Historical Society.</subfield></datafield><datafield ind1=" " ind2=" " tag="588"><subfield code="a">Description based on: Vol. 5, no. 13 (July 16, 1987).</subfield></datafield><datafield ind1=" " ind2=" " tag="588"><subfield code="a">Latest issue consulted: Vol. 5, no. 19 (Thursday, Sept. 3, 1987).</subfield></datafield><datafield ind1=" " ind2=" " tag="752"><subfield code="a">United States</subfield><subfield code="b">Colorado</subfield><subfield code="c">Boulder</subfield><subfield code="d">Boulder.</subfield></datafield><datafield ind1=" " ind2=" " tag="752"><subfield code="a">United States</subfield><subfield code="b">Colorado</subfield><subfield code="c">Boulder</subfield><subfield code="d">Niwot.</subfield></datafield><datafield ind1="0" ind2="0" tag="780"><subfield code="t">Town &amp; country chronicle</subfield><subfield code="x">0889-4124</subfield><subfield code="w">(DLC)sn 86001810</subfield></datafield><datafield ind1="0" ind2="0" tag="785"><subfield code="t">Old recorder</subfield><subfield code="x">1041-195X</subfield><subfield code="w">(DLC)sn 88008136</subfield></datafield><datafield ind1="1" ind2=" " tag="029"><subfield code="a">AU@</subfield><subfield code="b">000025825790</subfield></datafield></record>